@article{example1,
  author    = {Author, A. and Author, B.},
  title     = {An Example Article},
  journal   = {Journal Name},
  year      = {2023},
  volume    = {10},
  pages     = {123--456},
  doi       = {10.xxxx/xxxxx},
}
